@inproceedings{CGI15,
  author    = {Feng Sun and
               Kaihuai Qin and
               Wei Sun and
               Huayuan Guo},
  title     = {Fast Background Subtraction Based on Non-parametric Models
for Freely Moving Cameras},
  booktitle = {Computer Graphics International(CGI)},

  year      = {2015},
  month     = {Jun.}

}
@inproceedings{Multitransform,
  author    = {Daniya Zamalieva and
               Alper Yilmaz and
               James W. Davis},
  title     = {A Multi-transformational Model for Background Subtraction with Moving
               Cameras},
  booktitle = {ECCV},
  pages     = {803-817},
  year      = {2014},
  month     = {Jun.},
  url       = {http://dx.doi.org/10.1007/978-3-319-10590-1_52},
  doi       = {10.1007/978-3-319-10590-1_52},
  timestamp = {Tue, 09 Sep 2014 14:57:16 +0200},
  biburl    = {http://dblp.uni-trier.de/rec/bib/conf/eccv/ZamalievaYD14},
  bibsource = {dblp computer science bibliography, http://dblp.org},
  note   = "[doi:10.1007/978-3-319-10590-1\_52]"}
}
@ARTICLE{GMMPAMI,
author={Lee, D.-S.},
journal={TPAMI},
title={Effective Gaussian mixture learning for video background subtraction},
year={2005},
month={May},
volume={27},
number={5},
pages={827-832},
keywords={Gaussian distribution;image segmentation;learning (artificial intelligence);surveillance;video signal processing;Gaussian mixture learning;model convergence speed;model stability;nonstationary temporal distributions;static retention factor;video background subtraction;video surveillance;Adaptive systems;Convergence;Equations;Filters;History;Machine vision;Robustness;Stability;Statistical distributions;Video surveillance;Index Terms- Adaptive Gaussian mixture;background subtraction.;online EM;Algorithms;Artificial Intelligence;Computer Simulation;Image Enhancement;Image Interpretation, Computer-Assisted;Information Storage and Retrieval;Models, Statistical;Normal Distribution;Numerical Analysis, Computer-Assisted;Pattern Recognition, Automated;Photography;Reproducibility of Results;Sensitivity and Specificity;Signal Processing, Computer-Assisted;Subtraction Technique;Video Recording},
doi={10.1109/TPAMI.2005.102},
ISSN={0162-8828},
 note   = "doi:10.1109/TPAMI.2005.102"
}


@article{Barnich2011ViBe,
  title = {{ViBe}: A universal background subtraction algorithm for video sequences},
  author = {O. Barnich and M. {Van Droogenbroeck}},
  journal = {IEEE TIP},
  volume = {20},
  number = {6},
  pages = {1709-1724},
  month = {June},
  year = {2011},
  keywords = {ViBe, Background, Background subtraction, Segmentation, Motion, Motion detection},
  pdf = {http://orbi.ulg.ac.be/bitstream/2268/81248/1/Barnich2011ViBe.pdf},
  doi = {10.1109/TIP.2010.2101613},
  url = {http://hdl.handle.net/2268/81248},
  note = "doi:10.1109/TIP.2010.2101613"
}
@INPROCEEDINGS{vibe,
author={Van Droogenbroeck, M. and Paquot, O.},
booktitle={Computer Vision and Pattern Recognition Workshops (CVPRW)},
title={Background subtraction: Experiments and improvements for ViBe},
year={2012},
month={June},
pages={32-37},
keywords={image motion analysis;image segmentation;image sequences;object detection;video signal processing;ViBe experiment;ViBe improvement;background modeling;background subtraction technique;motion detection;propagation inhibition;segmentation masks;updating masks;video based applications;video sequences;Adaptation models;Cameras;Color;Jitter;Measurement;Subtraction techniques;Video sequences},
doi={10.1109/CVPRW.2012.6238924},
ISSN={2160-7508},
note="doi:10.1109/CVPRW.2012.6238924"}

@INPROCEEDINGS{5.8s,
author={Kwang Moo Yi and Kimin Yun and Soo Wan Kim and Hyung Jin Chang and Hawook Jeong and Jin Young Choi},
booktitle={IEEE Computer Vision and Pattern Recognition Workshops (CVPRW)},
title={Detection of Moving Objects with Non-stationary Cameras in 5.8ms: Bringing Motion Detection to Your Mobile Device},
year={2013},
month={Jun.},
pages={27-34},
keywords={Gaussian processes;mobile radio;motion compensation;object detection;smart phones;dual-mode SGM;dual-mode single Gaussian model;mobile camera;mobile device;motion compensation;moving object detection;nonstationary camera;smart phone;Adaptation models;Cameras;Computational modeling;Data models;Load modeling;Motion compensation;Real-time systems;background subtraction;gaussian model;mobile phone;motion detection},
doi={10.1109/CVPRW.2013.9},
note = "doi:10.1109/CVPRW.2013.9"}

@INPROCEEDINGS{subsense,
author={St-Charles, P.-L. and Bilodeau, G.-A. and Bergevin, R.},
booktitle={IEEE Computer Vision and Pattern Recognition Workshops (CVPRW)},
title={Flexible Background Subtraction with Self-Balanced Local Sensitivity},
year={2014},
month={Jun.},
pages={414-419},
keywords={image sequences;object detection;video signal processing;CVPR change detection workshops;baseline scenarios;flexible background subtraction;ground truth annotations;nonparametric model;optimal performance;pixel-level feedback loops;scenario-specific parameter tuning;self-balanced local sensitivity;spatiotemporal feature descriptor;video sequences;Color;Conferences;Image color analysis;Monitoring;Sensitivity;Spatiotemporal phenomena;Video sequences;background subtraction;change detection;feedback;local binary similarity patterns;subsense;video surveillance},
doi={10.1109/CVPRW.2014.67},
note="doi:10.1109/CVPRW.2014.67"}

@INPROCEEDINGS{kwak2011Generalized,
author={Suha Kwak and Taegyu Lim and Woonhyun Nam and Bohyung Han and Joon Hee Han},
booktitle={ICCV},
title={Generalized background subtraction based on hybrid inference by belief propagation and Bayesian filtering},
year={2011},
month={Nov.},
pages={2174-2181},
keywords={belief networks;image motion analysis;image processing;image representation;image sequences;maximum likelihood estimation;video cameras;Bayesian filtering;background subtraction algorithm;graphical model representation;hybrid inference;image likelihood;moving camera;nonparametric belief propagation;optical flow;sequential motion inference;Bayesian methods;Computational modeling;Estimation;Motion estimation;Predictive models;Random variables;Videos},
doi={10.1109/ICCV.2011.6126494},
ISSN={1550-5499},
note="doi:10.1109/ICCV.2011.6126494"}

@INPROCEEDINGS{MRF,
author={Schick, A. and Bauml, M. and Stiefelhagen, R.},
booktitle={IEEE Computer Vision and Pattern Recognition Workshops (CVPRW)},
title={Improving foreground segmentations with probabilistic superpixel Markov random fields},
year={2012},
month={Jun.},
pages={27-31},
keywords={Markovf processes;image segmentation;object detection;probability;change detection 2012 dataset;foreground segmentation improvement;pixel-based segmentation;postprocessing framework;probabilistic superpixel Markov random fields;probabilistic superpixel representation;structural information;Benchmark testing;Change detection algorithms;Image segmentation;Markov random fields;Motion segmentation;Probabilistic logic},
doi={10.1109/CVPRW.2012.6238923},
ISSN={2160-7508},
note="doi:10.1109/CVPRW.2012.6238923"}

@inproceedings{gbsuperpixel,
        AUTHOR = "Lim, J.W. and Han, B.H.",
        TITLE = "Generalized Background Subtraction Using Superpixels with Label
Integrated Motion Estimation",
        BOOKTITLE = "ECCV",
        YEAR = "2014",
        month={Jun.},
        PAGES = "173-187",
        BIBSOURCE = "http://www.visionbib.com/bibliography/motion-i763s1.html#TT103110",
        note="doi:10.1007/978-3-319-10602-1\_12",
}
@ARTICLE{subsenseTIP,
author={St-Charles, P.-L. and Bilodeau, G.-A. and Bergevin, R.},
journal={IEEE TIP},
title={SuBSENSE: A Universal Change Detection Method With Local Adaptive Sensitivity},
year={2015},
month={Jan.},
volume={24},
number={1},
pages={359-373},
keywords={image colour analysis;image segmentation;image sequences;object detection;video signal processing;C++;ChangeDetection.net dataset;F-measure;OpenCV;SuBSENSE;adaptation speed;color information;foreground-background segmentation;illumination variations;local adaptive sensitivity;local binary image descriptors;local segmentation noise levels;manually set frame-wide constants;midlevel desktop CPU;model fidelity continuous monitoring;pixel-level feedback loops;spatiotemporal binary features;universal change detection method;universal pixel-level segmentation method;video sequences;Adaptation models;Color;Image color analysis;Lighting;Noise;Sensitivity;Spatiotemporal phenomena;Background subtraction;background subtraction;change detection;foreground segmentation;spatiotemporal features;surveillance;video signal processing},
doi={10.1109/TIP.2014.2378053},
ISSN={1057-7149},
note ="doi:10.1109/TIP.2014.2378053"}

@INPROCEEDINGS{iccv2009,
author={Sheikh, Y. and Javed, O. and Kanade, T.},
booktitle={ICCV},
title={Background Subtraction for Freely Moving Cameras},
year={2009},
month={Sept.},
pages={1219-1225},
keywords={video signal processing;2D image measurement;background appearance model;background subtraction algorithm;foreground appearance model;freely moving cameras;optimal pixel-wise background labeling;optimal pixel-wise foreground labeling;posterior function;sparse model;trajectory removal;Cameras},
doi={10.1109/ICCV.2009.5459334},
ISSN={1550-5499},
note ="doi:10.1109/ICCV.2009.5459334"}

@inproceedings{Cui2012,
 author = {Cui, Xinyi and Huang, Junzhou and Zhang, Shaoting and Metaxas, Dimitris N.},
 title = {Background Subtraction Using Low Rank and Group Sparsity Constraints},
 booktitle = {ECCV},
 year = {2012},
 isbn = {978-3-642-33717-8},
 location = {Florence, Italy},
 pages = {612--625},
 numpages = {14},
 url = {http://dx.doi.org/10.1007/978-3-642-33718-5_44},
 doi = {10.1007/978-3-642-33718-5_44},
 acmid = {2402985},
 publisher = {Springer-Verlag},
 address = {Berlin, Heidelberg},
 note="doi:10.1007/978-3-642-33718-5\_44"
}

@INPROCEEDINGS{SubspaceTracking,
author={Berger, M. and Seversky, L.M.},
booktitle={CVPR},
title={Subspace Tracking under Dynamic Dimensionality for Online Background Subtraction},
year={2014},
month={Jun.},
pages={1274-1281},
keywords={image motion analysis;object tracking;video signal processing;background motion modeling;dynamic dimensionality;dynamic point trajectory;linear subspace tracking;online background subtraction;subspace estimation;Cameras;Computer vision;Motion segmentation;Robustness;Tracking;Trajectory;Videos;background subtraction;subspace tracking},
doi={10.1109/CVPR.2014.166},
note="doi:10.1109/CVPR.2014.166"}


@INPROCEEDINGS{superpixel,
author={Schick, A. and Fischer, M. and Stiefelhagen, R.},
booktitle={Pattern Recognition (ICPR), 2012 21st International Conference on},
title={Measuring and evaluating the compactness of superpixels},
year={2012},
month={Nov.},
pages={930-934},
keywords={computer vision;image representation;image resolution;image segmentation;boundary recall;computer vision;image representation;novel metric;preprocessing step;superpixel compactness;superpixel segmentation;Accuracy;Computer vision;Image color analysis;Image segmentation;Lattices;Measurement;Shape},
ISSN={1051-4651},}

@INPROCEEDINGS{ICCV13Online,
author={Elqursh, A. and Elgammal, A.},
booktitle={ICCV},
title={Online Motion Segmentation Using Dynamic Label Propagation},
year={2013},
month={Dec.},
pages={2008-2015},
keywords={affine transforms;cameras;image motion analysis;image segmentation;pattern clustering;affine camera model;benchmark dataset;dynamic label propagation;label propagation;manifold separation;online framework;online motion segmentation;piecewise affine spaces;spectral clustering techniques;subspace separation;Cameras;Computer vision;Manifolds;Measurement;Motion segmentation;Streaming media;Trajectory},
doi={10.1109/ICCV.2013.251},
ISSN={1550-5499},
note="doi:10.1109/ICCV.2013.251"}


@ARTICLE{graphcut04,
author={Boykov, Y. and Kolmogorov, V.},
journal={TPAMI},
title={An experimental comparison of min-cut/max- flow algorithms for energy minimization in vision},
year={2004},
month={Sept.},
volume={26},
number={9},
pages={1124-1137},
keywords={computational complexity;computer vision;directed graphs;image restoration;image segmentation;minimax techniques;stereo image processing;tree searching;Ford-Fulkerson style algorithms;Goldberg-Tarjan style methods;augmenting path algorithms;combinatorial optimization;computer vision;energy minimization;graph algorithms;image restoration;image segmentation;image stereo;low level vision;minimum cut-maximum flow algorithms;polynomial time complexity;push-relabel methods;Application software;Clustering algorithms;Computer vision;Image restoration;Image segmentation;Iterative algorithms;Labeling;Minimization methods;Simulated annealing;Stereo vision;Index Terms- Energy minimization;graph algorithms;image restoration;maximum flow;minimum cut;multicamera scene reconstruction.;segmentation;stereo;Algorithms;Artificial Intelligence;Cluster Analysis;Energy Transfer;Image Enhancement;Image Interpretation, Computer-Assisted;Imaging, Three-Dimensional;Information Storage and Retrieval;Pattern Recognition, Automated;Photogrammetry;Photography;Reproducibility of Results;Sensitivity and Specificity},
doi={10.1109/TPAMI.2004.60},
ISSN={0162-8828},
note="doi:10.1109/TPAMI.2004.60"}

@INPROCEEDINGS{seededRegionGrowing,
author={Verma, O.P. and Hanmandlu, M. and Susan, S. and Kulkarni, M. and Jain, P.K.},
booktitle={Communication Systems and Network Technologies (CSNT), 2011 International Conference on},
title={A Simple Single Seeded Region Growing Algorithm for Color Image Segmentation using Adaptive Thresholding},
year={2011},
month={Jun.},
pages={500-503},
keywords={image colour analysis;image segmentation;Berkley segmentation database images;Liu F-factor;Otsu adaptive thresholding;color image segmentation;single seeded region growing algorithm;Color;Entropy;Image color analysis;Image segmentation;Indexes;Merging;Pixel;Color image segmentation;Liu's F-factor;Single seeded region growing;otsu adaptive threshold algorithm},
doi={10.1109/CSNT.2011.107},
note="doi:10.1109/CSNT.2011.107"}

@ARTICLE{SeededRegionGrowing94,
author={Adams, R. and Bischof, L.},
journal={TPAMI},
title={Seeded region growing},
year={1994},
month={Jun.},
volume={16},
number={6},
pages={641-647},
keywords={image segmentation;intensity image segmentation;seed selection;seeded region growing;Australia;Filters;Image segmentation;Mathematics;Pixel;Robustness;Statistics;Surface fitting;Surface morphology;Surface topography},
doi={10.1109/34.295913},
ISSN={0162-8828},
note="doi:10.1109/34.295913"}

@article{Liu_2013ASAP,
 author = {Liu, Shuaicheng and Yuan, Lu and Tan, Ping and Sun, Jian},
 title = {Bundled Camera Paths for Video Stabilization},
 journal = {ACM TOG},
 issue_date = {July 2013},
 volume = {32},
 number = {4},
 month = {Jul.},
 year = {2013},
 issn = {0730-0301},
 pages = {78:1--78:10},
 articleno = {78},
 numpages = {10},
 url = {http://doi.acm.org/10.1145/2461912.2461995},
 doi = {10.1145/2461912.2461995},
 acmid = {2461995},
 publisher = {ACM},
 address = {New York, NY, USA},
 keywords = {camera paths, image warping, video stabilization},
 note="doi:10.1145/2461912.2461995"
}

@article{Tomasi_1992,
 author = {Tomasi, Carlo and Kanade, Takeo},
 title = {Shape and Motion from Image Streams Under Orthography: A Factorization Method},
 journal = {Int. J. Comput. Vision},
 issue_date = {Nov. 1992},
 volume = {9},
 number = {2},
 month = {Nov},
 year = {1992},
 issn = {0920-5691},
 pages = {137--154},
 numpages = {18},
 url = {http://dx.doi.org/10.1007/BF00129684},
 doi = {10.1007/BF00129684},
 acmid = {144403},
 publisher = {Kluwer Academic Publishers},
 address = {Hingham, MA, USA},
 note="doi:10.1007/BF00129684"
}

@INPROCEEDINGS{LiuCVPR09,
author={Feng Liu and Gleicher, M.},
booktitle={CVPR},
title={Learning color and locality cues for moving object detection and segmentation},
year={2009},
month={Jun.},
pages={320-327},
keywords={Gaussian processes;Markov processes;image colour analysis;image motion analysis;image segmentation;object detection;random processes;unsupervised learning;video signal processing;Markov random field;color Gaussian mixture model;locality cue;monocular video;moving object detection;moving object segmentation;object color learning;sparse motion information;unsupervised algorithm;Application software;Cameras;Markov random fields;Motion detection;Motion estimation;Object detection;Object segmentation;Robustness;Surveillance;Video coding},
doi={10.1109/CVPR.2009.5206857},
ISSN={1063-6919},
note="doi:10.1109/CVPR.2009.5206857"}

@article{Liu2009ASAP,
 author = {Liu, Feng and Gleicher, Michael and Jin, Hailin and Agarwala, Aseem},
 title = {Content-preserving Warps for 3D Video Stabilization},
 journal = {ACM TOG},
 issue_date = {August 2009},
 volume = {28},
 number = {3},
 month = {Jul.},
 year = {2009},
 issn = {0730-0301},
 pages = {44:1--44:9},
 articleno = {44},
 numpages = {9},
 url = {http://doi.acm.org/10.1145/1531326.1531350},
 doi = {10.1145/1531326.1531350},
 acmid = {1531350},
 publisher = {ACM},
 address = {New York, NY, USA},
 note="doi:10.1145/1531326.1531350"
}

@incollection{ECCV10DensePonintTrajectories,
year={2010},
isbn={978-3-642-15548-2},
booktitle={ECCV},
volume={6311},
series={Lecture Notes in Computer Science},
editor={Daniilidis, Kostas and Maragos, Petros and Paragios, Nikos},
doi={10.1007/978-3-642-15549-9_32},
title={Dense Point Trajectories by GPU-Accelerated Large Displacement Optical Flow},
url={http://dx.doi.org/10.1007/978-3-642-15549-9_32},
publisher={Springer Berlin Heidelberg},
author={Sundaram, Narayanan and Brox, Thomas and Keutzer, Kurt},
pages={438-451},
language={English},
note="doi:10.1007/978-3-642-15549-9\_32"
}
@INPROCEEDINGS{PBAS,
author={Hofmann, M. and Tiefenbacher, P. and Rigoll, G.},
booktitle={IEEE Computer Vision and Pattern Recognition Workshops (CVPRW)},
title={Background segmentation with feedback The Pixel-Based Adaptive Segmenter},
year={2012},
month={Jun.},
pages={38-43},
keywords={adaptive control;control engineering computing;feedback;image segmentation;learning (artificial intelligence);PBAS;background dynamics estimation;background segmentation;background update;dynamic controllers;dynamic per-pixel state variables;feedback;foreground decision threshold;foreground segmentation;learning parameter;nonparametric background modeling paradigm;pixel values;pixel-based adaptive segmenter;Adaptation models;Arrays;Databases;History;Image segmentation;Jitter;Performance evaluation},
doi={10.1109CVPRW.2012.6238925},
ISSN={2160-7508},
note="doi:10.1109CVPRW.2012.6238925"}

@INPROCEEDINGS{OnlineEccv12,
year={2012},
isbn={978-3-642-33782-6},
booktitle={ECCV},
volume={7577},
series={Lecture Notes in Computer Science},
editor={Fitzgibbon, Andrew and Lazebnik, Svetlana and Perona, Pietro and Sato, Yoichi and Schmid, Cordelia},
doi={10.1007/978-3-642-33783-3_17},
title={Online Moving Camera Background Subtraction},
url={http://dx.doi.org/10.1007/978-3-642-33783-3_17},
publisher={Springer Berlin Heidelberg},
author={Elqursh, Ali and Elgammal, Ahmed},
pages={228-241},
language={English},
note="doi:10.1007/978-3-642-33783-3\_17"
}

@article{Schick_superpixel,
title = "An evaluation of the compactness of superpixels ",
journal = "Pattern Recognition Letters ",
volume = "43",
number = "0",
pages = "71 - 80",
year = "2014",
issn = "0167-8655",
doi = "http://dx.doi.org/10.1016/j.patrec.2013.09.013",
url = "http://www.sciencedirect.com/science/article/pii/S0167865513003498",
author = "Alexander Schick and Mika Fischer and Rainer Stiefelhagen",
keywords = "Superpixel segmentation",
keywords = "Compactness",
keywords = "Superpixel lattices ",
note="doi:10.1016/j.patrec.2013.09.013",
}
@article{LimPRFloating,
title = "Modeling and segmentation of floating foreground and background in videos ",
journal = "Pattern Recognition ",
volume = "45",
number = "4",
pages = "1696 - 1706",
year = "2012",
issn = "0031-3203",
doi = "http://dx.doi.org/10.1016/j.patcog.2011.10.018",
url = "http://www.sciencedirect.com/science/article/pii/S0031320311004420",
author = "Taegyu Lim and Bohyung Han and Joon H. Han",
keywords = "Foreground/background segmentation",
keywords = "Motion estimation",
keywords = "Kernel density estimation",
keywords = "Graph-cut ",
note="doi:10.1016/j.patcog.2011.10.018",
}
@article{BouwmansOverview,
title = "Traditional and recent approaches in background modeling for foreground detection: An overview ",
journal = "Computer Science Review ",
volume = "11-2",
number = "0",
pages = "31-66",
year = "2014",
issn = "1574-0137",
doi = "http://dx.doi.org/10.1016/j.cosrev.2014.04.001",
url = "http://www.sciencedirect.com/science/article/pii/S1574013714000033",
author = "Thierry Bouwmans",
keywords = "Background subtraction",
keywords = "Background modeling",
keywords = "Background initialization",
keywords = "Background maintenance",
keywords = "Foreground detection ",
note="doi:10.1016/j.cosrev.2014.04.001",
}
@INPROCEEDINGS{HopKinsDataSet,
author={Tron, R. and Vidal, R.},
booktitle={CVPR},
title={A Benchmark for the Comparison of 3-D Motion Segmentation Algorithms},
year={2007},
month={Jun.},
pages={1-8},
keywords={computer vision;image segmentation;image sequences;motion estimation;3D motion segmentation algorithm;image sequence;Application software;Benchmark testing;Cameras;Computer vision;Databases;Image segmentation;Layout;Motion segmentation;Statistical analysis;Traffic control},
doi={10.1109/CVPR.2007.382974},
ISSN={1063-6919},
note="doi:10.1109/CVPR.2007.382974"}


@INPROCEEDINGS{ParticleCVPR06,
author={Sand, P. and Teller, S.},
booktitle={CVPR},
title={Particle Video: Long-Range Motion Estimation using Point Trajectories},
year={2006},
month={Jun.},
pages={2195-2202},
keywords={Artificial intelligence;Cameras;Computer science;Image motion analysis;Layout;Motion estimation;Optical distortion;Optical filters;Optical noise;Tracking},
doi={10.1109/CVPR.2006.219},
ISSN={1063-6919},
note="doi:10.1109/CVPR.2006.219"}


@INPROCEEDINGS{CD2014,
author={Yi Wang and Jodoin, P.-M. and Porikli, F. and Konrad, J. and Benezeth, Y. and Ishwar, P.},
booktitle={IEEE Computer Vision and Pattern Recognition Workshops (CVPRW)},
title={CDnet 2014: An Expanded Change Detection Benchmark Dataset},
year={2014},
month={Jun.},
pages={393-400},
keywords={image motion analysis;object detection;video signal processing;CDnet benchmark;IEEE Change Detection Workshop 2014;change detection benchmark dataset;motion detection approach;pixel-wise annotated frames;surveillance settings;video analytics;Benchmark testing;Cameras;Conferences;Labeling;Lighting;Measurement;Motion detection},
doi={10.1109/CVPRW.2014.126},
note="doi:10.1109/CVPRW.2014.126"}


@TECHREPORT{KLT,
  author =       {Carlo Tomasi and Takeo Kanade},
  title =        {Detection and Tracking of Point Features},
  institution =  {Carnegie Mellon University},
  year =         {1991},
  type =         {Technical Report},
  number =       {CMU-CS-91-132},

  month =        {Apr.},

}
@ARTICLE{SLIC,
  author =       {Achanta Radhakrishna,Shaji Appu,Smith Kevin},
  title =        {SLIC Superpixels Compared to State-of-the-art Superpixel Methods},
  journal =      {TPAMI},
  year =         {2012},
  volume =       {34},
  number =       {11},
  pages =        {2274-2282},
  month =        {11},

}

@article{Chien2002Efficient,
  title={Efficient moving object segmentation algorithm using background registration technique},
  author={Chien, Shao Yi and Ma, Shyh Yih and Chen, Liang Gee},
  journal={IEEE Transactions on Circuits and Systems for Video Technology},
  volume={12},
  number={7},
  pages={577-586},
  year={2002},
  note={doi:10.1109/TCSVT.2002.800516}
}

@article{Kim2001Moving,
  title={Moving object segmentation in video sequences by user interaction and automatic object tracking},
  author={Kim, Munchurl and Jeon, J. G. and Kwak, J. S. and Lee, M. H. and Ahn, C.},
  journal={Image and Vision Computing},
  volume={19},
  number={5},
  pages={245-260},
  year={2001},
  note={doi:10.1016/S0262-8856(00)00074-3}
}
@article{Meier1998Automatic,
  title={Automatic segmentation of moving objects for video object plane generation},
  author={Meier, T. and Ngan, K. N.},
  journal={IEEE Transactions on Circuits and Systems for Video Technology},
  volume={8},
  number={5},
  pages={525-538},
  year={1998},
  note={doi:10.1109/76.718500}
}
@inproceedings{Stcharles2015A,
  title={A Self-Adjusting Approach to Change Detection Based on Background Word Consensus},
  author={Stcharles, Pierre Luc and Bilodeau, Guillaume Alexandre and Bergevin, Robert},
  booktitle={Applications of Computer Vision (WACV), 2015 IEEE Winter Conference on},
  pages={990-997},
  year={2015},
  note={doi:10.1109/WACV.2015.137 }
}
@inproceedings{Chen2015Learning,
  title={Learning sharable models for robust background subtraction},
  author={Chen, Yingying and Wang, Jinqiao and Lu, Hanqing},
  booktitle={Multimedia and Expo (ICME), 2015 IEEE International Conference on},
  pages={1-6},
  year={2015},
  note={doi:10.1109/ICME.2015.7177419}
}
@inproceedings{Gregorio2014Change,
  title={Change Detection with Weightless Neural Networks},
  author={Gregorio, Massimo De and Giordano, Maurizio},
  booktitle={Computer Vision and Pattern Recognition Workshops (CVPRW), 2014 IEEE Conference on},
  pages={409-413},
  year={2014},
  note={doi:10.1109/CVPRW.2014.66},
}
@article{stauffer1999adaptive,
title={Adaptive Background Mixture Models for Real-Time Tracking},
author={Chris Stauffer and E. Grimson},
journal={Computer Vision and Pattern Recognition},
volume={2},
pages={246-252},
year={1999}}


@ARTICLE{Wren,
author={Wren, C.R. and Azarbayejani, A. and Darrell, T. and Pentland, A.P.},
journal={Pattern Analysis and Machine Intelligence, IEEE Transactions on},
title={Pfinder: real-time tracking of the human body},
year={1997},
volume={19},
number={7},
pages={780-785},
keywords={image coding;image colour analysis;image representation;image segmentation;video signal processing;2D representation;Pfinder;behavior interpretation;human body;low-bandwidth coding;multiclass statistical model;people tracking;real-time system;standard SGI Indy computer;video databases;wireless interfaces;Biological system modeling;Communication system security;Hardware;Head;Humans;Image segmentation;Pixel;Real time systems;Video compression;Virtual reality},
doi={10.1109/34.598236},
ISSN={0162-8828},
month={Jul},}



@Inbook{kim2007robust,
author="Kim, Hansung
and Sakamoto, Ryuuki
and Kitahara, Itaru
and Toriyama, Tomoji
and Kogure, Kiyoshi",

chapter="Robust Foreground Extraction Technique Using Gaussian Family Model and Multiple Thresholds",
title="Computer Vision -- ACCV 2007: 8th Asian Conference on Computer Vision, Tokyo, Japan, November 18-22, 2007, Proceedings, Part I",
year="2007",
publisher="Springer Berlin Heidelberg",
address="Berlin, Heidelberg",
pages="758--768",
isbn="978-3-540-76386-4",
doi="10.1007/978-3-540-76386-4_72",
url="http://dx.doi.org/10.1007/978-3-540-76386-4_72"
}

@inproceedings{LeeAverage,
  title={Background estimation for video surveillance},
  author={B. Lee and M. Hedley},
  booktitle={Image and Vision Computing New Zealand,IVCNZ},
  pages={315-320},
  year={2002},

}

@Article{MF,
author="McFarlane, N. J. B.
and Schofield, C. P.",
title="Segmentation and tracking of piglets in images",
journal="Machine Vision and Applications",
volume="8",
number="3",
pages="187--193",
abstract="An algorithm was developed for the segmentation and tracking of piglets and tested on a 200-image sequence of 10 piglets moving on a straw background. The image-capture rate was 1 image/140 ms. The segmentation method was a combination of image differencing with respect to a median background and a Laplacian operator. The features tracked were blob edges in the segmented image. During tracking, the piglets were modelled as ellipses initialised on the blobs. Each piglet was tracked by searching for blob edges in an elliptical window about the piglet's position, which was predicted from its previous two positions.",
issn="1432-1769",
doi="10.1007/BF01215814",
url="http://dx.doi.org/10.1007/BF01215814"
}

@inproceedings{lin2002a,
title={A probabilistic SVM approach for background scene initialization},
author={Hornghorng, Lin and Tyngluh, Liu and Jenhui, Chuang},
booktitle={ICIP},
volume={3},
pages={893-896},
year={2002}}

@inproceedings{uray2007incremental,
title={Incremental LDA Learning by Combining Reconstructive and Discriminative Approaches},
booktitle={BMVC},
author={Martina, Uray and Ddanijel, Skocaj and Peter M, Toth},
year={2007},
pages={272-281}
}

@Inbook{Gao2009,
author="Gao, Tao
and Liu, Zheng-guang
and Gao, Wen-chun
and Zhang, Jun",
chapter="A Robust Technique for Background Subtraction in Traffic Video",
title="Advances in Neuro-Information Processing: 15th International Conference, ICONIP 2008, Auckland, New Zealand, November 25-28, 2008, Revised Selected Papers, Part II",
year="2009",
publisher="Springer Berlin Heidelberg",
address="Berlin, Heidelberg",
pages="736--744",
isbn="978-3-642-03040-6",
doi="10.1007/978-3-642-03040-6_90",
url="http://dx.doi.org/10.1007/978-3-642-03040-6_90"
}

@incollection{Ransac,
title = "Random Sample Consensus: A Paradigm for Model Fitting with Applications to Image Analysis and Automated Cartography ",
editor = "Fischler, Martin A.  and Firschein, Oscar ",
booktitle = "Readings in Computer Vision ",
publisher = "Morgan Kaufmann",
edition = "",
address = "San Francisco (CA)",
year = "1987",
pages = "726 - 740",
isbn = "978-0-08-051581-6",
doi = "http://dx.doi.org/10.1016/B978-0-08-051581-6.50070-2",
url = "http://www.sciencedirect.com/science/article/pii/B9780080515816500702",
author = "Martin A. Fischler and Robert C. Bolles",
abstract = "Key Words and Phrases model fitting, scene analysis, camera calibration, image matching, location determination, automated cartography. \{CR\} Categories: 3.60, 3.61, 3.71, 5.0, 8.1, 8.2 Abstract A new paradigm, Random Sample Consensus (RANSAC), for fitting a model to experimental data is introduced, \{RANSAC\} is capable of interpreting/ smoothing data containing a significant percentage of gross errors, and is thus ideally suited for applications in automated image analysis where interpretation is based on the data provided by error-prone feature detectors. A major portion of this paper describes the application of \{RANSAC\} to the Location Determination Problem (LDP): Given an image depicting a set of landmarks with known locations, determine that point in space from which the image was obtained. In response to a \{RANSAC\} requirement, new results are derived on the minimum number of landmarks needed to obtain a solution, and algorithms are presented for computing these minimum-landmark solutions in closed form. These results provide the basis for an automatic system that can solve the \{LDP\} under difficult viewing and analysis conditions. Implementation details and computational examples are also presented. "
}
@article{czg,
  title={采用多组单应约束和马尔可夫随机场的运动目标检测算法},
  author={崔智高 and 李艾华 and 冯国彦},
  journal={计算机辅助设计与图形学学报},
  number={4},
  volume={27},
  pages={621-632},
  year={2015},
}
@PhDThesis{CMM12THU,
	author = {Ming-Ming Cheng},
	title = {Saliency and Similarity Detection for Image Scene Analysis},
	school = {Tsinghua University},
	year = 2012,
	address = {Beijing, China},
}

@article{treisman1980a,
title={A feature-integration theory of attention},
author={Anne M, Treisman and Garry, Gelade},
journal={Cognitive Psychology},
volume={12},
number={1},
pages={97--136},
year={1980}}

@article{Koch1985Shifts,
  title={Shifts in Selective Visual Attention: Towards the Underlying Neural Circuitry},
  author={Koch, C and Ullman, S},
  journal={Human Neurobiology},
  volume={4},
  number={4},
  pages={219-27},
  year={1985},
}

